@article{cynthia2014algorithmic,
    url     = {http://dx.doi.org/10.1561/0400000042},
    year    = {2014},
    volume  = {9},
    journal = {Foundations and Trends® in Theoretical Computer Science},
    title   = {The Algorithmic Foundations of Differential Privacy},
    doi     = {10.1561/0400000042},
    issn    = {1551-305X},
    number  = {3–4},
    pages   = {211-407},
    author  = {Cynthia Dwork and Aaron Roth}
}