%% This BibTeX bibliography file was created using BibDesk.
%% https://bibdesk.sourceforge.io/

%% Created for PingbangHu at 2022-12-08 22:53:37 -0500 


%% Saved with string encoding Unicode (UTF-8) 



@book{WS11,
  author        = {Williamson, D.P. and Shmoys, D.B.},
  date-added    = {2022-12-08 22:53:17 -0500},
  date-modified = {2022-12-08 22:53:37 -0500},
  isbn          = {9781139498173},
  publisher     = {Cambridge University Press},
  title         = {The Design of Approximation Algorithms},
  url           = {https://books.google.com/books?id=Cc\_Fdqf3bBgC},
  year          = {2011},
  bdsk-url-1    = {https://books.google.com/books?id=Cc%5C_Fdqf3bBgC}
}

@book{V02,
  author        = {Vazirani, V.V.},
  date-modified = {2022-12-08 22:50:27 -0500},
  isbn          = {9783540653677},
  lccn          = {2001042005},
  publisher     = {Springer Berlin Heidelberg},
  title         = {Approximation Algorithms},
  url           = {https://books.google.com/books?id=EILqAmzKgYIC},
  year          = {2002},
  bdsk-url-1    = {https://books.google.com/books?id=EILqAmzKgYIC}
}

@misc{https://doi.org/10.48550/arxiv.1404.5236,
  author     = {Barak, Boaz and Steurer, David},
  copyright  = {arXiv.org perpetual, non-exclusive license},
  doi        = {10.48550/ARXIV.1404.5236},
  publisher  = {arXiv},
  title      = {Sum-of-squares proofs and the quest toward optimal algorithms},
  url        = {https://arxiv.org/abs/1404.5236},
  year       = {2014},
  bdsk-url-1 = {https://arxiv.org/abs/1404.5236},
  bdsk-url-2 = {https://doi.org/10.48550/ARXIV.1404.5236}
}

@misc{https://doi.org/10.48550/arxiv.2105.10386,
  author     = {O'Donnell, Ryan},
  copyright  = {Creative Commons Attribution Non Commercial No Derivatives 4.0 International},
  doi        = {10.48550/ARXIV.2105.10386},
  publisher  = {arXiv},
  title      = {Analysis of Boolean Functions},
  url        = {https://arxiv.org/abs/2105.10386},
  year       = {2021},
  bdsk-url-1 = {https://arxiv.org/abs/2105.10386},
  bdsk-url-2 = {https://doi.org/10.48550/ARXIV.2105.10386}
}

@article{LI201345,
  author     = {Shi Li},
  doi        = {https://doi.org/10.1016/j.ic.2012.01.007},
  issn       = {0890-5401},
  journal    = {Information and Computation},
  keywords   = {Approximation, Facility location problem, Theory},
  note       = {38th International Colloquium on Automata, Languages and Programming (ICALP 2011)},
  pages      = {45-58},
  title      = {A 1.488 approximation algorithm for the uncapacitated facility location problem},
  url        = {https://www.sciencedirect.com/science/article/pii/S0890540112001459},
  volume     = {222},
  year       = {2013},
  bdsk-url-1 = {https://www.sciencedirect.com/science/article/pii/S0890540112001459},
  bdsk-url-2 = {https://doi.org/10.1016/j.ic.2012.01.007}
}

@article{GUHA1999228,
  author     = {Sudipto Guha and Samir Khuller},
  doi        = {https://doi.org/10.1006/jagm.1998.0993},
  issn       = {0196-6774},
  journal    = {Journal of Algorithms},
  number     = {1},
  pages      = {228-248},
  title      = {Greedy Strikes Back: Improved Facility Location Algorithms},
  url        = {https://www.sciencedirect.com/science/article/pii/S0196677498909932},
  volume     = {31},
  year       = {1999},
  bdsk-url-1 = {https://www.sciencedirect.com/science/article/pii/S0196677498909932},
  bdsk-url-2 = {https://doi.org/10.1006/jagm.1998.0993}
}

@article{10.1145/375827.375845,
  address    = {New York, NY, USA},
  author     = {Jain, Kamal and Vazirani, Vijay V.},
  doi        = {10.1145/375827.375845},
  issn       = {0004-5411},
  issue_date = {March 2001},
  journal    = {J. ACM},
  keywords   = {facility location problem, linear programming, Lagrangian relaxation, approximation algorithms, k-median problem},
  number     = {2},
  numpages   = {23},
  pages      = {274-296},
  publisher  = {Association for Computing Machinery},
  title      = {Approximation Algorithms for Metric Facility Location and K-Median Problems Using the Primal-Dual Schema and Lagrangian Relaxation},
  url        = {https://doi.org/10.1145/375827.375845},
  volume     = {48},
  year       = {2001},
  bdsk-url-1 = {https://doi.org/10.1145/375827.375845}
}

@inproceedings{10.1145/509907.510012,
  address    = {New York, NY, USA},
  author     = {Jain, Kamal and Mahdian, Mohammad and Saberi, Amin},
  doi        = {10.1145/509907.510012},
  isbn       = {1581134959},
  location   = {Montreal, Quebec, Canada},
  numpages   = {10},
  pages      = {731-740},
  publisher  = {Association for Computing Machinery},
  series     = {STOC '02},
  title      = {A New Greedy Approach for Facility Location Problems},
  url        = {https://doi.org/10.1145/509907.510012},
  year       = {2002},
  bdsk-url-1 = {https://doi.org/10.1145/509907.510012}
}

@misc{https://doi.org/10.48550/arxiv.2207.05150,
  author     = {Cohen-Addad, Vincent and Grandoni, Fabrizio and Lee, Euiwoong and Schwiegelshohn, Chris},
  copyright  = {Creative Commons Attribution 4.0 International},
  doi        = {10.48550/ARXIV.2207.05150},
  keywords   = {Data Structures and Algorithms (cs.DS), FOS: Computer and information sciences, FOS: Computer and information sciences},
  publisher  = {arXiv},
  title      = {Breaching the 2 LMP Approximation Barrier for Facility Location with Applications to k-Median},
  url        = {https://arxiv.org/abs/2207.05150},
  year       = {2022},
  bdsk-url-1 = {https://arxiv.org/abs/2207.05150},
  bdsk-url-2 = {https://doi.org/10.48550/ARXIV.2207.05150}
}

@inproceedings{Karger1993GlobalMI,
  author    = {David R Karger},
  booktitle = {SODA '93},
  title     = {Global min-cuts in RNC, and other ramifications of a simple min-out algorithm},
  year      = {1993}
}

@article{Christofides2022WorstCaseAO,
  author  = {Nicos Christofides},
  journal = {Oper. Res. Forum},
  title   = {Worst-Case Analysis of a New Heuristic for the Travelling Salesman Problem},
  volume  = {3},
  year    = {1976}
}

@article{Anatoliy,
  author = {Serdyukov, Anatoliy I},
  pages  = {76-79},
  title  = {On some extremal walks in graphs},
  year   = {1978}
}

@inproceedings{10.1145/3406325.3451009,
  address    = {New York, NY, USA},
  author     = {Karlin, Anna R. and Klein, Nathan and Gharan, Shayan Oveis},
  booktitle  = {Proceedings of the 53rd Annual ACM SIGACT Symposium on Theory of Computing},
  doi        = {10.1145/3406325.3451009},
  isbn       = {9781450380539},
  keywords   = {Approximation Algorithms, Max Entropy, Near Minimum Cuts, Randomized Rounding, Strongly Rayleigh, Traveling Salesperson Problem},
  location   = {Virtual, Italy},
  numpages   = {14},
  pages      = {32-45},
  publisher  = {Association for Computing Machinery},
  series     = {STOC 2021},
  title      = {A (Slightly) Improved Approximation Algorithm for Metric TSP},
  url        = {https://doi.org/10.1145/3406325.3451009},
  year       = {2021},
  bdsk-url-1 = {https://doi.org/10.1145/3406325.3451009}
}

@article{goemans1995improved,
  author    = {Goemans, Michel X and Williamson, David P},
  journal   = {Journal of the ACM (JACM)},
  number    = {6},
  pages     = {1115--1145},
  publisher = {ACM New York, NY, USA},
  title     = {Improved approximation algorithms for maximum cut and satisfiability problems using semidefinite programming},
  volume    = {42},
  year      = {1995}
}

@article{LasserreHierarchy,
  author     = {Thomas Rothvo{\ss}},
  title      = {The lasserre hierarchy in approximation algorithms},
  url        = {https://sites.math.washington.edu//~rothvoss/lecturenotes/lasserresurvey.pdf},
  year       = {2013},
  bdsk-url-1 = {https://sites.math.washington.edu//~rothvoss/lecturenotes/lasserresurvey.pdf}
}

@inproceedings{10.1145/800157.805047,
  address    = {New York, NY, USA},
  author     = {Cook, Stephen A.},
  doi        = {10.1145/800157.805047},
  isbn       = {9781450374644},
  location   = {Shaker Heights, Ohio, USA},
  numpages   = {8},
  pages      = {151-158},
  publisher  = {Association for Computing Machinery},
  series     = {STOC '71},
  title      = {The Complexity of Theorem-Proving Procedures},
  url        = {https://doi.org/10.1145/800157.805047},
  year       = {1971},
  bdsk-url-1 = {https://doi.org/10.1145/800157.805047}
}

@incollection{karp1972reducibility,
  author    = {Karp, Richard M},
  booktitle = {Complexity of computer computations},
  pages     = {85--103},
  publisher = {Springer},
  title     = {Reducibility among combinatorial problems},
  year      = {1972}
}

@article{10.1145/226643.226652,
  address    = {New York, NY, USA},
  author     = {Feige, Uriel and Goldwasser, Shafi and Lov\'{a}sz, Laszlo and Safra, Shmuel and Szegedy, Mario},
  doi        = {10.1145/226643.226652},
  issn       = {0004-5411},
  issue_date = {March 1996},
  journal    = {J. ACM},
  keywords   = {hardness of approximation, multilinearity testing np-completeness, probabilistically checkable proofs, independent set in a graph},
  month      = {mar},
  number     = {2},
  numpages   = {25},
  pages      = {268-292},
  publisher  = {Association for Computing Machinery},
  title      = {Interactive Proofs and the Hardness of Approximating Cliques},
  url        = {https://doi.org/10.1145/226643.226652},
  volume     = {43},
  year       = {1996},
  bdsk-url-1 = {https://doi.org/10.1145/226643.226652}
}

@article{Feige1991ApproximatingCI,
  author      = {Uriel Feige and Shafi Goldwasser and L{\'a}szl{\'o} Mikl{\'o}s Lov{\'a}sz and Shmuel Safra and Mario Szegedy},
  journal     = {[1991] Proceedings 32nd Annual Symposium of Foundations of Computer Science},
  pages       = {2-12},
  title       = {Approximating clique is almost NP-complete},
  year        = {1991},
  bdsk-file-1 = {YnBsaXN0MDDSAQIDBFxyZWxhdGl2ZVBhdGhZYWxpYXNEYXRhXxA9Li4vLi4vRG93bmxvYWRzL1RoZV9EZXNpZ25fb2ZfQXBwcm94aW1hdGlvbl9BbGdvcml0aG1zLmJpYnRleE8RAcAAAAAAAcAAAgAADE1hY2ludG9zaCBIRAAAAAAAAAAAAAAAAAAAAN+BDnVCRAAB/////x9UaGVfRGVzaWduX29mX0FwcHJveGltI0ZGRkZGRkZGAAAAAAAAAAAAAAAAAAAAAAAAAAAAAAAAAAAAAAAAAAD/////37gbSAAAAAAAAAAAAAIAAgAACiBjdQAAAAAAAAAAAAAAAAAJRG93bmxvYWRzAAACAEMvOlVzZXJzOnBiYjpEb3dubG9hZHM6VGhlX0Rlc2lnbl9vZl9BcHByb3hpbWF0aW9uX0FsZ29yaXRobXMuYmlidGV4AAAOAFwALQBUAGgAZQBfAEQAZQBzAGkAZwBuAF8AbwBmAF8AQQBwAHAAcgBvAHgAaQBtAGEAdABpAG8AbgBfAEEAbABnAG8AcgBpAHQAaABtAHMALgBiAGkAYgB0AGUAeAAPABoADABNAGEAYwBpAG4AdABvAHMAaAAgAEgARAASAEFVc2Vycy9wYmIvRG93bmxvYWRzL1RoZV9EZXNpZ25fb2ZfQXBwcm94aW1hdGlvbl9BbGdvcml0aG1zLmJpYnRleAAAEwABLwAAFQACAAr//wAAAAgADQAaACQAZAAAAAAAAAIBAAAAAAAAAAUAAAAAAAAAAAAAAAAAAAIo}
}

@article{10.1145/278298.278306,
  address    = {New York, NY, USA},
  author     = {Arora, Sanjeev and Lund, Carsten and Motwani, Rajeev and Sudan, Madhu and Szegedy, Mario},
  doi        = {10.1145/278298.278306},
  issn       = {0004-5411},
  issue_date = {May 1998},
  journal    = {J. ACM},
  keywords   = {randomness, optimization, NP-completeness, proof verification},
  month      = {may},
  number     = {3},
  numpages   = {55},
  pages      = {501-555},
  publisher  = {Association for Computing Machinery},
  title      = {Proof Verification and the Hardness of Approximation Problems},
  url        = {https://doi.org/10.1145/278298.278306},
  volume     = {45},
  year       = {1998},
  bdsk-url-1 = {https://doi.org/10.1145/278298.278306}
}

@inproceedings{10.1145/258533.258536,
  address    = {New York, NY, USA},
  author     = {H\r{a}stad, Johan},
  booktitle  = {Proceedings of the Twenty-Ninth Annual ACM Symposium on Theory of Computing},
  doi        = {10.1145/258533.258536},
  isbn       = {0897918886},
  location   = {El Paso, Texas, USA},
  numpages   = {10},
  pages      = {1-10},
  publisher  = {Association for Computing Machinery},
  series     = {STOC '97},
  title      = {Some Optimal Inapproximability Results},
  url        = {https://doi.org/10.1145/258533.258536},
  year       = {1997},
  bdsk-url-1 = {https://doi.org/10.1145/258533.258536}
}

@inproceedings{10.1145/100216.100225,
  address    = {New York, NY, USA},
  author     = {Blum, M. and Luby, M. and Rubinfeld, R.},
  booktitle  = {Proceedings of the Twenty-Second Annual ACM Symposium on Theory of Computing},
  doi        = {10.1145/100216.100225},
  isbn       = {0897913612},
  location   = {Baltimore, Maryland, USA},
  numpages   = {11},
  pages      = {73-83},
  publisher  = {Association for Computing Machinery},
  series     = {STOC '90},
  title      = {Self-Testing/Correcting with Applications to Numerical Problems},
  url        = {https://doi.org/10.1145/100216.100225},
  year       = {1990},
  bdsk-url-1 = {https://doi.org/10.1145/100216.100225}
}

@inproceedings{10.1145/509907.510017,
  address    = {New York, NY, USA},
  author     = {Khot, Subhash},
  booktitle  = {Proceedings of the Thiry-Fourth Annual ACM Symposium on Theory of Computing},
  doi        = {10.1145/509907.510017},
  isbn       = {1581134959},
  location   = {Montreal, Quebec, Canada},
  numpages   = {9},
  pages      = {767-775},
  publisher  = {Association for Computing Machinery},
  series     = {STOC '02},
  title      = {On the Power of Unique 2-Prover 1-Round Games},
  url        = {https://doi.org/10.1145/509907.510017},
  year       = {2002},
  bdsk-url-1 = {https://doi.org/10.1145/509907.510017}
}

@inproceedings{1366234,
  author     = {Khot, S. and Kindler, G. and Mossel, E. and O'Donnell, R.},
  booktitle  = {45th Annual IEEE Symposium on Foundations of Computer Science},
  doi        = {10.1109/FOCS.2004.49},
  pages      = {146-154},
  title      = {Optimal inapproximability results for MAX-CUT and other 2-variable CSPs?},
  year       = {2004},
  bdsk-url-1 = {https://doi.org/10.1109/FOCS.2004.49}
}

@misc{https://doi.org/10.48550/arxiv.math/0503503,
  author     = {Mossel, Elchanan and O'Donnell, Ryan and Oleszkiewicz, Krzysztof},
  copyright  = {Assumed arXiv.org perpetual, non-exclusive license to distribute this article for submissions made before January 2004},
  doi        = {10.48550/ARXIV.MATH/0503503},
  keywords   = {Probability (math.PR), Computational Complexity (cs.CC), Combinatorics (math.CO), FOS: Mathematics, FOS: Mathematics, FOS: Computer and information sciences, FOS: Computer and information sciences},
  publisher  = {arXiv},
  title      = {Noise stability of functions with low influences: invariance and optimality},
  url        = {https://arxiv.org/abs/math/0503503},
  year       = {2005},
  bdsk-url-1 = {https://arxiv.org/abs/math/0503503},
  bdsk-url-2 = {https://doi.org/10.48550/ARXIV.MATH/0503503}
}
